Noah Snavely, Steven M. Seitz, Richard Szeliski. Photo Tourism: Exploring image collections in 3D. ACM Transactions on Graphics (Proceedings of SIGGRAPH 2006), 2006. 

InProceedings{Snavely,
	author = 	  {{Noah Snavely, Steven M. Seitz, Richard Szeliski}},
	title = 	  {Photo Tourism: Exploring image collections in 3D},
	booktitle =     { ACM Transactions on Graphics (Proceedings of SIGGRAPH 2006)},
	year =	  "2006",
}

inproceedings{Snavely,
	author = {Snavely, Noah and Seitz, Steven M. and Szeliski, Richard},
	title = {Photo Tourism: Exploring Photo Collections in 3D},
	booktitle = {ACM SIGGRAPH 2006 Papers},
	series = {SIGGRAPH '06},
	year = {2006},
	isbn = {1-59593-364-6},
	location = {Boston, Massachusetts},
	pages = {835--846},
	numpages = {12},
	url = {http://doi.acm.org/10.1145/1179352.1141964},
	doi = {10.1145/1179352.1141964},
	acmid = {1141964},
	publisher = {ACM},
	address = {New York, NY, USA},
	keywords = {image-based modeling, image-based rendering, photo browsing, structure from motion},
} 

@inproceedings{Snavely,
	title={Photo tourism: Exploring photo collections in 3D},
	author={Snavely, Noah and Seitz, Steven M and Szeliski, Richard},
	booktitle={ACM transactions on graphics (TOG)},
	url={http://phototour.cs.washington.edu/Photo_Tourism.pdf},
	volume={25},
	number={3},
	pages={835--846},
	year={2006},
	organization={ACM},
	issn={0730-0301}
}

Changchang Wu, "VisualSFM: A Visual Structure from Motion System", 
http://ccwu.me/vsfm/, 2011

Misc{SFM,
	author = {{Changchang Wu}},
	title  = {VisualSFM: A Visual Structure from Motion System},
	howpublished = {\url{http://ccwu.me/vsfm/}},
	year = "2011",
	note = {[vid. 7.5.2015]},
}

@article{SFM,
	title={VisualSFM: A visual structure from motion system},
	author={Wu, Changchang},
	url={http://ccwu.me/vsfm/},
	volume={9},
	year={2011}
}

Changchang Wu, Sameer Agarwal, Brian Curless, and Steven M. Seitz,
"Multicore Bundle Adjustment", CVPR 2011

Article{MBA,
	author = {{Changchang Wu, Sameer Agarwal, Brian Curless, and Steven M. Seitz}},
	title  = {Multicore Bundle Adjustment},
	journal= {Computer Vision and Pattern Recognition (CVPR)},
	pages  = "3057--3064",
	year   = "2011",
}

@inproceedings{MBA,
	title={Multicore bundle adjustment},
	author={Wu, Changchang and Agarwal, Sameer and Curless, Brian and Seitz, Steven M},
	booktitle={Computer Vision and Pattern Recognition (CVPR), 2011 IEEE Conference on},
	pages={3057--3064},
	year={2011},
	organization={IEEE},
	isbn={978-1-4577-0394-2}
}

Sedláček D., Žára J., User Driven 3D Reconstruction Environment, In Advances in Visual Computing, ISVC 2012.

@incollection{ViCiTiS,
	title={User Driven 3D Reconstruction Environment},
	author={SEDLÁČEK, DAVID and ŽÁRA, JIŘÍ},
	booktitle={Advances in Visual Computing},
	pages={104--114},
	year={2012},
	publisher={Springer Berlin Heidelberg},
	isbn={978-3-642-33178-7}
}

Multiple View Geometry in Computer Vision, 2nd edition, Richard Hartley and Andrew Zisserman, Cambridge University Press, March 2004.

Book{MultipleViewGeometry,
	author    = {{Richard Hartley and Andrew Zisserman}},
	title     = {Multiple View Geometry in Computer Vision},
	publisher = {Cambridge University Press},
	edition   = "2nd",
	year      =  "2004",
}

@book{MultipleViewGeometry,
	title={Multiple view geometry in computer vision},
	author={Hartley, Richard and Zisserman, Andrew},
	edition={2nd},
	year={2004},
	publisher={Cambridge university press},
	address={West Nyack, NY, USA},
	isbn={978-0-521-54051-3}
}

http://www.cs.cornell.edu/~snavely/bundler/bundler-v0.4-manual.html

Misc{BundleMan,
	author = {{Noah Snavely}},
	title  = {Bundler v0.4 User's Manual},
	howpublished   = {Dostupné z: \url{http://www.cs.cornell.edu/~snavely/bundler/bundler-v0.4-manual.html}},
	year = "2008-2009",
	note = {[vid. 7.5.2015]}
}

@online{BundleMan,
	title={Bundler v0. 4 User's Manual},
	author={Snavely, Noah},
	url={http://www.cs.cornell.edu/~snavely/bundler/bundler-v0.4-manual.html}
	year={2009}
	note = {[vid. 7.5.2015]}
}

Book{Java3DGuide,
	author    = {{Daniel Selman}},
	title     = {Java 3D Programming},
	publisher = "Manning Publications Co.",
	year      =  "2002",
	ISBN	  =  {978-1-930-11035-9},
}

@book{Java3DGuide,
	title={Java 3D programming},
	author={Selman, Daniel},
	year={2002},
	publisher={Manning Greenwich}
}


@online{Java3DDoc,
	title  = {JSR-000926 Java 3D(tm) API ("Specification")},
	organization = {SUN MICROSYSTEMS, INC.},
	url = {http://download.java.net/media/java3d/javadoc/1.5.1/},
	note   = {[vid. 7.5.2015]},
}

InProceedings{Cipo,
	author = 	  {{Roberto Cipolla, Yasukasu Okamoto and Yoshinori Kuno}},
	title = 	  {Robust Structure from Motion using Motion Parallax},
	booktitle =     {{Fourth International Conference on Computer Vision (ICCV)}},
	year =	  "1993",
	month =	  "květen",
	pages =	  {374-382},
	publisher =     {IEEE},
}

@inproceedings{Cipo,
	title={Robust structure from motion using motion parallax},
	author={Cipolla, R. and Okamoto, Y. and Kuno, Y.},
	booktitle={Computer Vision, 1993. Proceedings., Fourth International Conference on},
	pages={374--382},
	month ={květen},
	year={1993},
	isbn={0-8186-3870-2}
	organization={IEEE}
}



@online{CameraModel,
	author = {Hoiem, Derek},
	title  = {Projective Geometry and Camera Models},
	url={https://courses.engr.illinois.edu/cs543/sp2011/lectures/Lecture 02 - Projective Geometry and Camera Models - Vision_Spring2011.pdf},
	month = "Leden",
	year = "2011",
	note = {[vid. 7.5.2015]},
}

(http://3d.about.com/od/Creating-3D-The-CG-Pipeline/tp/Polygonal-3d-Modeling-Common-Box-And-Edge-Modeling-Workflows.htm)

Polygonal 3D Modeling - Common Box and Edge Modeling Workflows

@online{Extrude,
	author = {Slick, Justin},
	title  = {Polygonal 3D Modeling - Common Box and Edge Modeling Workflows},
	url ={http://3d.about.com/od/Creating-3D-The-CG-Pipeline/tp/Polygonal-3d-Modeling-Common-Box-And-Edge-Modeling-Workflows.htm},
	note = {[vid. 7.5.2015]},
}


Book{Zara,
	author    = {{Jiří Žára, Bedřich Beneš, Jiří Sochor, Petr Felkel}},
	title     = {Moderní počítačová grafika},
	publisher = {Computer Press, a.s.},
	year      =  "2004",
	address   = "Brno",
	isbn      = "80-251-0454-0"
}

@book{Zara,
	title={Moderní počítačová grafika},
	author={{ŽÁRA, J., BENEŠ, B., SOCHOR, J., FELKEL, P.}},
	address = {Praha},
	edition = {2nd},
	keywords = {computer graphics; vizualization; rendering; modelling},
	language = {cze},
	location = {Praha},
	isbn = {80-251-0454-0},
	publisher = {Computer Press},
	year = {2005}
}
